@Article{kalmanbucy,
author = {Rudolf E. Kalman and Richard S. Bucy},
title = {New results in linear filtering and prediction theory},
journal = {Journal of Basic Engineering},
year = {1961},
pages = {95--108},
url = {http://www.eecs.tufts.edu/~khan/Courses/Spring2012/EE194/Lecs/KalmanBucy1961.pdf}
}
@Article{stimablue,
	author = {Luigi Chisci},
	title = {Stima parametrica},
	year = 2019,
	note = {\url{https://e-l.unifi.it/pluginfile.php/980250/mod_resource/content/1/Cap5-Stima-Parametrica.pdf}}
}

@Article{conti,
	author = {Luigi Chisci},
	title = {Stima dello stato di un sistema dinamico},
	year = 2019,
	note = {\url{https://e-l.unifi.it/pluginfile.php/980259/mod_resource/content/1/Cap7-Stima-Stato.pdf}}
}

@Article{bolzern,
	author = {P. Bolzern and R. Scattolini and N. Schiavoni},
	title = {Fondamenti di Controlli Automatici},
	year = {1998}
}
@Article{veicoli,
	author = {MOHINDER S. GREWAL and ANGUS P. ANDREWS},
	title = {Applications of Kalman Filtering in Aerospace 1960 to the Present},
	year = {2010}
}
@Article{Vision,
	author = {Aaron Bobick},
	title = {Computer vision and tracking},
}
@Article{SOC,
	author = {Zhihao Yu, Ruituo Huai and Linjing Xiao},
	title = {State-of-Charge Estimation for Lithium-Ion Batteries Usinga Kalman Filter Based on Local Linearization},
	year = {2015}
}
@Article{Finanza,
	author = {Delphine LAUTIER},
	title = {THE KALMAN FILTER IN FINANCE: AN APPLICATION TO TERM STRUCTURE MODELS OF COMMODITY PRICES AND A COMPARISON BETWEEN THE SIMPLE AND THE EXTENDED FILTERS},
	year = {2002}
}
@Article{Industrial,
	author = {Francois Auger, Mickael Hilairet, Josep M. Guerrero, E. Monmasson},
	title = {Industrial Applications of the Kalman Filter: A Review},
	year = {2013}
}
@Article{Traffic,
	author = {Constantinos Antoniou, Moshe Ben-Akiva, Haris N. Koutsopoulos},
	title = {Kalman Filter Applications for Traffic Management},
	year = {2010}
}